@article{loichinger2015labor,
  title={Labor force projections up to 2053 for 26 EU countries, by age, sex, and highest level of educational attainment},
  author={Loichinger, Elke},
  journal={Demographic Research},
  volume={32},
  pages={443--486},
  year={2015},
  publisher={JSTOR}
}

 @book{publishing_and._2007, title={Education at a glance 2007 OECD indicators}, publisher={Organisation for Economic Co-operation and Development}, author={Publishing, OECD and and., Innovation, Centre for Educational Research}, year={2007}}

 @misc{participation of young people in education and the labour market ..., url={https://ec.europa.eu/eurostat/statistics-explained/SEPDF/cache/25810.pdf}}


@misc{educational attainment of the labour force’ - oecd.org, url={https://www.oecd.org/employment/emp/3888221.pdf}} 


 @article{hipple_2016, title={Labor force participation: What has happened since the peak?}, DOI={10.21916/mlr.2016.43}, journal={Monthly Labor Review}, author={Hipple, Steven}, year={2016}}


@article{lauder_mayhew_2020, title={Higher education and the Labour Market: An Introduction}, volume={46}, DOI={10.1080/03054985.2019.1699714}, number={1}, journal={Oxford Review of Education}, author={Lauder, Hugh and Mayhew, Ken}, year={2020}, pages={1–9}} 


@article{article,
author = {Ionescu, Alina},
year = {2012},
month = {01},
pages = {130-144},
title = {How does education affect labour market outcomes?},
volume = {4},
journal = {Review of Applied Socio-Economic Research}
}

@misc{ url={https://documents.worldbank.org/curated/en/512891468739485757/123523322_20041117181555/additional/multi0page.pdf}, journal={Returns to investment in education: A further update - The World Bank}} 


